<?xml version="1.0" encoding="UTF-8"?><collection xmlns="http://www.loc.gov/MARC21/slim"><record><leader>00428nam--2200157-i-4500</leader><controlfield tag="001">000036990</controlfield><controlfield tag="002">20161230</controlfield><controlfield tag="005">20170129010833</controlfield><controlfield tag="008">060222s1000------------r-----000-0-eng-d</controlfield><datafield ind1=" " ind2=" " tag="080"><subfield code="a">669.017:538.9(016)</subfield></datafield><datafield ind1=" " ind2=" " tag="100"><subfield code="a">Prince, Alan</subfield></datafield><datafield ind1=" " ind2=" " tag="245"><subfield code="a">Multicomponent alloy constitution bibliography. 1955-1973</subfield></datafield><datafield ind1=" " ind2=" " tag="260"><subfield code="a">London</subfield><subfield code="b">The Metals Society</subfield><subfield code="c">1978</subfield></datafield><datafield ind1=" " ind2=" " tag="300"><subfield code="a">XXXVI + 1108 p</subfield></datafield><datafield ind1=" " ind2=" " tag="852"><subfield code="a">D.1385</subfield></datafield><datafield ind1=" " ind2=" " tag="CAT"><subfield code="a">SYS</subfield><subfield code="c">20170129</subfield><subfield code="h">010833</subfield></datafield></record></collection>